@web_page{Rosebrock2020,
   author = {Adrian Rosebrock},
   month = {5},
   title = {COVID-19: Face Mask Detector with OpenCV, Keras/TensorFlow, and Deep Learning - PyImageSearch},
   url = {https://www.pyimagesearch.com/2020/05/04/covid-19-face-mask-detector-with-opencv-keras-tensorflow-and-deep-learning/},
   year = {2020},
}
@web_page{tut,
   title = {Tutorials  |  TensorFlow Core},
   url = {https://www.tensorflow.org/tutorials/},
}
@web_page{imageDataGenerator,
   title = {tf.keras.preprocessing.image.ImageDataGenerator  |  TensorFlow Core v2.7.0},
   url = {https://www.tensorflow.org/api_docs/python/tf/keras/preprocessing/image/ImageDataGenerator},
}
@web_page{Prakash2020,
   author = {Tripathi Aditya Prakash},
   month = {5},
   title = {Mask or No Mask Image classification using Keras and OpenCV | by Tripathi Aditya Prakash | Medium},
   url = {https://medium.com/@tripathiadityap2001/mask-or-no-mask-image-classification-using-keras-and-opencv-955e2f4a9894},
   year = {2020},
}
